<?xml version="1.0" encoding="UTF-8"?>
<collection xmlns:xsi="http://www.w3.org/2001/XMLSchema-instance" xsi:schemaLocation="http://www.loc.gov/MARC21/slim http://www.loc.gov/standards/marcxml/schema/MARC21slim.xsd" xmlns="http://www.loc.gov/MARC21/slim">
<record>
  <leader>01149mam a2200253 a 4500</leader>
  <controlfield tag="001">799398</controlfield>
  <controlfield tag="003">NNC</controlfield>
  <controlfield tag="005">20130423153535.0</controlfield>
  <controlfield tag="008">870227s1881    tu            000 0 ara  </controlfield>
  <datafield tag="010" ind1=" " ind2=" ">
    <subfield code="a">   75549750 </subfield>
  </datafield>
  <datafield tag="035" ind1=" " ind2=" ">
    <subfield code="a">(OCoLC)ocm15250824</subfield>
  </datafield>
  <datafield tag="035" ind1=" " ind2=" ">
    <subfield code="a">(CStRLIN)NYCG89-B85213</subfield>
  </datafield>
  <datafield tag="035" ind1=" " ind2=" ">
    <subfield code="9">AED8895CU</subfield>
  </datafield>
  <datafield tag="035" ind1=" " ind2=" ">
    <subfield code="a">(NNC)799398</subfield>
  </datafield>
  <datafield tag="040" ind1=" " ind2=" ">
    <subfield code="a">DLC</subfield>
    <subfield code="c">OSU</subfield>
    <subfield code="d">OSU</subfield>
  </datafield>
  <datafield tag="100" ind1="1" ind2=" ">
    <subfield code="a">Ṣafadī, Khalīl ibn Aybak,</subfield>
    <subfield code="d">approximately 1297-1363.</subfield>
  </datafield>
  <datafield tag="240" ind1="1" ind2="0">
    <subfield code="a">Jinān al-jinās fī ʻilm al-badīʻ.</subfield>
    <subfield code="f">1881</subfield>
  </datafield>
  <datafield tag="245" ind1="1" ind2="0">
    <subfield code="a">Kitāb jinān al-jinās fī ʻilm al-badīʻ /</subfield>
    <subfield code="c">taʾlīf Ṣalāḥ al-Dīn al-Ṣafadī. Wa-fī ākhirihi Manāhij al-tawassul fī mabāhij al-tarassul / taʾlīf ʻAbd al-Raḥmān ibn Muḥammad al-Ḥanafī al-Bisṭāmī.</subfield>
  </datafield>
  <datafield tag="250" ind1=" " ind2=" ">
    <subfield code="a">al-Ṭabʻah 1.</subfield>
  </datafield>
  <datafield tag="260" ind1=" " ind2=" ">
    <subfield code="a">Qusṭanṭīnīyah :</subfield>
    <subfield code="b">Maṭbaʻat al-Javāʾib,</subfield>
    <subfield code="c">1299 [1881 or 1882]</subfield>
  </datafield>
  <datafield tag="300" ind1=" " ind2=" ">
    <subfield code="a">160 p. ;</subfield>
    <subfield code="c">21 cm.</subfield>
  </datafield>
  <datafield tag="650" ind1=" " ind2="0">
    <subfield code="a">Arabic language</subfield>
    <subfield code="x">Rhetoric.</subfield>
  </datafield>
  <datafield tag="650" ind1=" " ind2="0">
    <subfield code="a">Arabic poetry</subfield>
    <subfield code="y">1258-1800</subfield>
    <subfield code="x">History and criticism.</subfield>
  </datafield>
  <datafield tag="700" ind1="1" ind2=" ">
    <subfield code="a">Bisṭāmī, ʻAbd al-Raḥmān ibn Muḥammad,</subfield>
    <subfield code="d">approximately 1380-1454.</subfield>
    <subfield code="t">Manāhij al-tawassul fī mabāhij al-tarassul.</subfield>
    <subfield code="f">1881.</subfield>
  </datafield>
  <datafield tag="955" ind1=" " ind2=" ">
    <subfield code="b">CU01093061</subfield>
    <subfield code="d">off,glx</subfield>
    <subfield code="e">PJ6161 .S34 1881g</subfield>
  </datafield>
</record>
</collection>